<?xml version="1.0" encoding="UTF-8"?><collection xmlns="http://www.loc.gov/MARC21/slim"><record><leader>00500nam--2200193-i-4500</leader><controlfield tag="001">000041965</controlfield><controlfield tag="002">20161230</controlfield><controlfield tag="005">20161230201043</controlfield><controlfield tag="008">060222s1000------------r-----000-0-eng-d</controlfield><datafield ind1=" " ind2=" " tag="040"><subfield code="a">IFIN-HH</subfield></datafield><datafield ind1=" " ind2=" " tag="080"><subfield code="a">535</subfield></datafield><datafield ind1="1" ind2=" " tag="100"><subfield code="a">Smith, Graham F</subfield></datafield><datafield ind1="1" ind2="0" tag="245"><subfield code="a">Optics</subfield><subfield code="c">Graham f. smith, j.h. thomson</subfield></datafield><datafield ind1=" " ind2=" " tag="260"><subfield code="a">TORONTO</subfield><subfield code="b">John Wiley &amp; Sons, Ltd</subfield><subfield code="c">1971</subfield></datafield><datafield ind1=" " ind2=" " tag="300"><subfield code="a">XV + 350 P</subfield></datafield><datafield ind1=" " ind2=" " tag="490"><subfield code="a">The Manchester Phisics Series</subfield></datafield><datafield ind1="1" ind2=" " tag="700"><subfield code="a">Thomson, J.H</subfield></datafield><datafield ind1=" " ind2=" " tag="852"><subfield code="a">35959</subfield><subfield code="c">535</subfield></datafield><datafield ind1=" " ind2=" " tag="CAT"><subfield code="a">Sys</subfield><subfield code="c">20101101</subfield><subfield code="h">153720</subfield></datafield></record></collection>